
@book{Stillwell,
  Title={ Mathematics and its History (Undergraduate Texts in Mathematics)},
  author={Stillwell John},
  year={2010},
  edition={3rd},
  publisher={ Springer Science \and Business Media},
  
}
